@Inbook{nr,
	title="Numerical Recipes: The Art of Scientific Computing (3rd edition)",
	author="W. H. Press and S. A. Teukolsky and W. T. Vetterling and B. P. Flannery",
	chapter="10.12",
	pages="549-555",
	publisher="Cambridge University Press",
	year=2007
}
@Inbook{rothe,
	title="Komplexitätstheorie und Kryptologie",
	author="J. Rothe",
	% TODO: chapter, pages
	publisher="Springer",
	year=2008
}
@Article{metropolis,
	title="Equation of State Calculations by Fast Computing Machines",
	author="N. Metropolis and A. W. Rosenbluth and M. N. Rosenbluth and A. H. Teller and E. Teller",
	journal="Journal of Chemical Physics",
	year="1953",
	pages="1087-1092",
	doi="10.1063/1.1699114"
}
@Article{shor,
	title="Polynomial-Time Algorithms for Prime Factorization and Discrete Logarithms on a Quantum Computer",
	author="P. W. Shor",
	journal="SIAM Journal on Computing",
	year="1996",
	volume="26",
	pages="1484–1509",
	doi="10.1137/S0097539795293172"
}
@Article{rsa,
	title="A method for obtaining digital signatures and public-key cryptosystems",
	author="R. L. Rivest and A. Shamir and L. Adleman",
	journal="Communications of the ACM",
	year="1978",
	volume="21",
	pages="120-126",
	doi="10.1145/359340.359342"
}
@Online{oeis,
	title="Online Encyclopedia of Integer Sequences (OEIS): Square pyramidal numbers",
	author="N. J. A. Sloane",
	date="2010-03-11",
	url="http://oeis.org/A000330"
}
@Online{xu,
	title="Quantum Factorization of 143 on a Dipolar-Coupling NMR system",
	author="N. Xu and J. Zhu and D. Lu and X. Zhou and X. Peng and J. Du",
	date="2011-11-16",
	archivePrefix="arXiv",
	eprint="1111.3726v1"
}
@Online{altschuler,
	title="Using Simulated Annealing to Factor Numbers",
	author="E. L. Altschuler and T. J. Williams",
	date="2014-02-17",
	archivePrefix="arXiv",
	eprint="1402.1201v2"
}
